<record><leader>00000cas a22000007a 4500</leader><controlfield tag="001">15229777</controlfield><controlfield tag="008">870223d18891975aluwr ne      0    0eng d</controlfield><datafield ind1=" " ind2=" " tag="010"><subfield code="a">sn 87050054 </subfield></datafield><datafield ind1=" " ind2=" " tag="040"><subfield code="a">AAR</subfield><subfield code="b">eng</subfield><subfield code="c">AAR</subfield><subfield code="d">CPN</subfield><subfield code="d">OCLCQ</subfield><subfield code="d">CRL</subfield></datafield><datafield ind1=" " ind2=" " tag="042"><subfield code="a">msc</subfield></datafield><datafield ind1="0" ind2=" " tag="130"><subfield code="a">Florence herald (Florence, Ala.)</subfield></datafield><datafield ind1="1" ind2="4" tag="245"><subfield code="a">The Florence herald.</subfield></datafield><datafield ind1=" " ind2=" " tag="260"><subfield code="a">Florence, Ala. :</subfield><subfield code="b">Florence Pub. Co.,</subfield><subfield code="c">1889-1975.</subfield></datafield><datafield ind1=" " ind2=" " tag="300"><subfield code="a">v.</subfield></datafield><datafield ind1=" " ind2=" " tag="310"><subfield code="a">Weekly</subfield></datafield><datafield ind1=" " ind2=" " tag="321"><subfield code="a">Semiweekly,</subfield><subfield code="b">&lt;June 22, 1889-1890&gt;</subfield></datafield><datafield ind1="0" ind2=" " tag="362"><subfield code="a">Vol. 3, no. 67 (June 22, 1889)-v. 91, no. 16 (Apr. 17, 1975).</subfield></datafield><datafield ind1=" " ind2=" " tag="752"><subfield code="a">United States</subfield><subfield code="b">Alabama</subfield><subfield code="c">Lauderdale</subfield><subfield code="d">Florence.</subfield></datafield><datafield ind1="0" ind2="0" tag="780"><subfield code="t">Florence wave</subfield><subfield code="w">(DLC)sn 87050269</subfield></datafield><datafield ind1="0" ind2="7" tag="785"><subfield code="t">Shoals picture</subfield><subfield code="w">(DLC)sn 87050053</subfield></datafield><datafield ind1="0" ind2="7" tag="785"><subfield code="t">Florence herald-picture</subfield><subfield code="w">(DLC)sn 87050055</subfield></datafield></record>